@article{AuthorYear,
  title={Some Example Title},
  author={Name S. Author},
  journal={Some Example Journal},
  volume={1},
  number={2},
  pages={11--111},
  year={2021}
}

@article{White14,
  author       = {David White},
  title        = {An Overview of Schema Theory},
  journal      = {CoRR},
  volume       = {abs/1401.2651},
  year         = {2014},
  url          = {http://arxiv.org/abs/1401.2651},
  eprinttype    = {arXiv},
  eprint       = {1401.2651},
  timestamp    = {Mon, 13 Aug 2018 16:46:21 +0200},
  biburl       = {https://dblp.org/rec/journals/corr/White14.bib},
  bibsource    = {dblp computer science bibliography, https://dblp.org}
}
